
@article{tørsløv2022,
	title = {The Missing Profits of Nations},
	author = {{Tørsløv}, Thomas and Wier, Ludvig and Zucman, Gabriel},
	year = {2022},
	month = {07},
	date = {2022-07-26},
	journal = {The Review of Economic Studies},
	pages = {1499--1534},
	volume = {90},
	number = {3},
	doi = {10.1093/restud/rdac049},
	url = {http://dx.doi.org/10.1093/restud/rdac049},
	langid = {en}
}

@inbook{lima2022,
	title = {Politiques sociales : l'état des savoirs},
	author = {Lima, {Léa} and Tuchszirer, Carole},
	year = {2022},
	month = {02},
	date = {2022-02-24},
	publisher = {La Découverte},
	pages = {45--58},
	doi = {10.3917/dec.girau.2022.01.0045},
	url = {http://dx.doi.org/10.3917/dec.girau.2022.01.0045}
}

@article{askenazy2019,
	title = {Quarante ans d{\textquoteright}analyse du travail et de l{\textquoteright}emploi : points de vue de quatre économistes},
	author = {Askenazy, Philippe and Behaghel, Luc and Laouenan, Morgane and Meurs, Dominique},
	year = {2019},
	month = {10},
	date = {2019-10-02},
	journal = {Travail et emploi},
	pages = {69--94},
	number = {158},
	doi = {10.4000/travailemploi.9068},
	url = {http://dx.doi.org/10.4000/travailemploi.9068}
}

@techreport{cotis2009,
	title = {Partage de la valeur ajoutée, partage des profits et écarts de rémunérations en France},
	author = {Cotis, Jean-Philippe},
	year = {2009},
	institution = {Présidence de la Répulique Française},
	date = {2009-05-13},
	url = {https://www.vie-publique.fr/rapport/30455-partage-valeur-ajoutee-partage-profits-et-ecarts-de-remuneration}
}


@article{askenazy2011,
	title = {Le partage de la valeur ajoutée},
	author = {Askenazy, Philippe and Cette, Gilbert and Sylvain, Arnaud},
	year = {2011},
	month = {03},
	date = {2011-03-01},
	journal = {Repères},
	doi = {10.3917/dec.asken.2011.01},
	url = {http://dx.doi.org/10.3917/dec.asken.2011.01}
}
